@article{10.1371/journal.pone.0220065,
    doi = {10.1371/journal.pone.0220065},
    author = {Ruiz-Pérez, Iñaki AND Ayala, Francisco AND Puerta, José Miguel AND Elvira, Jose L. L. AND De Ste Croix, Mark AND Hernández-Sánchez, Sergio AND Vera-Garcia, Francisco Jose},
    journal = {PLOS ONE},
    publisher = {Public Library of Science},
    title = {A Bayesian Network approach to study the relationships between several neuromuscular performance measures and dynamic postural control in futsal players},
    year = {2019},
    month = {07},
    volume = {14},
    url = {https://doi.org/10.1371/journal.pone.0220065},
    pages = {1-18},
    number = {7},
}

@article{BayesianBarca,
    author = {Owramipur, Farzin and Eskandarian, Parinaz and Mozneb, Faezeh},
    year = {2013},
    month = {01},
    pages = {812-815},
    title = {Football Result Prediction with Bayesian Network in Spanish League-Barcelona Team},
    journal = {International Journal of Computer Theory and Engineering},
    doi = {10.7763/IJCTE.2013.V5.802}
}

@article{article1,
    author = {Constantinou, Anthony and Fenton, Norman and Neil, Martin},
    year = {2012},
    month = {12},
    pages = {332-339},
    title = {pi-football: A Bayesian network model for forecasting Association Football match outcomes. Knowledge-Based Systems, 36, 322-339},
    volume = {36},
    journal = {Knowledge-Based Systems},
    doi = {10.1016/j.knosys.2012.07.008}
}

@misc{538Website,
  title        = {How Our Club Soccer Predictions Work},
  author       = {Jay Boice},
  year         = 2018,
  howpublished = {\url{https://fivethirtyeight.com/methodology/how-our-club-soccer-predictions-work/}}
}

@misc{538DB,
  title        = {How Our Club Soccer Predictions Work},
  author       = {Jay Boice},
  year         = 2018,
  howpublished = {\url{https://github.com/fivethirtyeight/data/tree/master/soccer-spi/}}
}